<record><leader>00000cas a22000007a 4500</leader><controlfield tag="001">13389413</controlfield><controlfield tag="008">860404d184u1848pauwr ne      0    0eng  </controlfield><datafield ind1=" " ind2=" " tag="010"><subfield code="a">sn 86071308 </subfield></datafield><datafield ind1=" " ind2=" " tag="040"><subfield code="a">DLC</subfield><subfield code="b">eng</subfield><subfield code="c">DLC</subfield><subfield code="d">NPH</subfield><subfield code="d">DLC</subfield><subfield code="d">OCLCQ</subfield><subfield code="d">OCLCF</subfield></datafield><datafield ind1="1" ind2=" " tag="029"><subfield code="a">AU@</subfield><subfield code="b">000025834145</subfield></datafield><datafield ind1=" " ind2=" " tag="042"><subfield code="a">msc</subfield></datafield><datafield ind1=" " ind2=" " tag="043"><subfield code="a">n-us-pa</subfield></datafield><datafield ind1="0" ind2="0" tag="050"><subfield code="a">Newspaper</subfield></datafield><datafield ind1="0" ind2=" " tag="130"><subfield code="a">Columbia spy and Lancaster and York County record (Columbia, Pa. : 1845)</subfield></datafield><datafield ind1="1" ind2="4" tag="245"><subfield code="a">The Columbia spy and Lancaster and York County record.</subfield></datafield><datafield ind1="1" ind2="3" tag="246"><subfield code="a">Columbia spy</subfield></datafield><datafield ind1="1" ind2="3" tag="246"><subfield code="a">Spy &amp; record</subfield></datafield><datafield ind1="1" ind2="3" tag="246"><subfield code="a">Spy &amp; Columbian</subfield></datafield><datafield ind1=" " ind2=" " tag="260"><subfield code="a">Columbia, Pa. :</subfield><subfield code="b">J.L. Gossler, &amp; Co.</subfield></datafield><datafield ind1=" " ind2=" " tag="300"><subfield code="a">v. ;</subfield><subfield code="c">53 cm.</subfield></datafield><datafield ind1=" " ind2=" " tag="310"><subfield code="a">Weekly</subfield></datafield><datafield ind1="1" ind2=" " tag="362"><subfield code="a">Ceased in 1848.</subfield></datafield><datafield ind1=" " ind2=" " tag="500"><subfield code="a">Publisher: Charles J. Barnitz, &lt;1846&gt;; Charrick Westbrook, &lt;1847&gt;; Westbrook &amp; Spangler, &lt;1848&gt;.</subfield></datafield><datafield ind1=" " ind2=" " tag="515"><subfield code="a">Issues for &lt;Apr. 12, 1845-July 4, 1846&gt; called also &lt;whole no. 778-841&gt;.</subfield></datafield><datafield ind1=" " ind2=" " tag="588"><subfield code="a">Description based on: Vol. 15, no. 50 (Apr. 12, 1845).</subfield></datafield><datafield ind1=" " ind2="0" tag="651"><subfield code="a">Columbia (Pa.)</subfield><subfield code="v">Newspapers.</subfield></datafield><datafield ind1=" " ind2="7" tag="655"><subfield code="a">Newspapers.</subfield><subfield code="2">fast</subfield><subfield code="0">(OCoLC)fst01423814</subfield></datafield><datafield ind1=" " ind2="7" tag="651"><subfield code="a">Pennsylvania</subfield><subfield code="z">Columbia.</subfield><subfield code="2">fast</subfield><subfield code="0">(OCoLC)fst01220055</subfield></datafield><datafield ind1=" " ind2=" " tag="752"><subfield code="a">United States</subfield><subfield code="b">Pennsylvania</subfield><subfield code="c">Lancaster</subfield><subfield code="d">Columbia.</subfield></datafield><datafield ind1="0" ind2="0" tag="780"><subfield code="t">Columbia spy (Columbia, Pa. : 1843)</subfield><subfield code="w">(DLC)sn 89077553</subfield></datafield><datafield ind1="0" ind2="5" tag="780"><subfield code="t">Columbian (Columbia, Pa.)</subfield><subfield code="w">(DLC)sn 89077561</subfield></datafield><datafield ind1="0" ind2="0" tag="785"><subfield code="t">Columbia spy. and literary register (Columbia, Pa. : 1848)</subfield><subfield code="w">(DLC)sn 89077554</subfield></datafield></record>